@article{Mernik,
 author = {Mernik, Marjan and Heering, Jan and Sloane, Anthony M.},
 title = {When and How to Develop Domain-specific Languages},
 journal = {ACM Comput. Surv.},
 issue_date = {December 2005},
 volume = {37},
 number = {4},
 month = dec,
 year = {2005},
 issn = {0360-0300},
 pages = {316--344},
 numpages = {29},
 url = {http://doi.acm.org/10.1145/1118890.1118892},
 doi = {10.1145/1118890.1118892},
 acmid = {1118892},
 publisher = {ACM},
 address = {New York, NY, USA},
 keywords = {Domain-specific language, application language, domain analysis, language development system}
} 

@inproceedings{Agosta,
author = {Agosta, Giovanni and Pelosi, Gerardo},
year = {2007},
month = {01},
pages = {159-164},
title = {A Domain Specific Language for Cryptography.},
booktitle = {Forum on Specification and Design Languages}
}

@article{Bain,
  title={A Domain-Specific Language for Computing on Encrypted Data (Invited Talk)},
  author={Alex Bain and John C. Mitchell and Rahul Sharma and Deian Stefan and Joe Zimmerman},
  journal={IACR Cryptology ePrint Archive},
  year={2011},
  volume={2011},
  pages={561}
}

@INPROCEEDINGS{Bangerter, 
author={E. Bangerter and S. Krenn and M. Seifriz and U. Ultes-Nitsche}, 
booktitle={2011 Information Security for South Africa}, 
title={cPLC: A cryptographic programming language and compiler}, 
year={2011}, 
volume={}, 
number={}, 
pages={1-8}, 
keywords={Java;cryptographic protocols;program compilers;Java;benchmark protocols;cPLC;compiler;cryptographic programming language;cryptographic protocols;error proneness;security sensitive protocols;software engineering;substantial mathematical skills;Benchmark testing;Cryptography;Graphical user interfaces;Java;Program processors;Protocols;Cryptographic compiler;security protocols;software engineering}, 
doi={10.1109/ISSA.2011.6027533}, 
ISSN={2330-9881}, 
month={Aug}
}

@inproceedings{Nielsen,
 author = {Nielsen, Janus Dam and Schwartzbach, Michael I.},
 title = {A Domain-specific Programming Language for Secure Multiparty Computation},
 booktitle = {Proceedings of the 2007 Workshop on Programming Languages and Analysis for Security},
 series = {PLAS '07},
 year = {2007},
 isbn = {978-1-59593-711-7},
 location = {San Diego, California, USA},
 pages = {21--30},
 numpages = {10},
 url = {http://doi.acm.org/10.1145/1255329.1255333},
 doi = {10.1145/1255329.1255333},
 acmid = {1255333},
 publisher = {ACM},
 address = {New York, NY, USA},
 keywords = {SMCL, analysis, design, implementation},
} 

@inproceedings{Lewis,
  title={CRYPTOL: High Assurance, Retargetable Crypto Development and Validation},
  author={Jeffrey R. Lewis},
  year={2007}
}

@BOOK{JuliusCaesar,
   author    = {William Shakespeare},
   title     = {Julius Caesar},
   note      = {Act~III, Scene~2, Lines~72--106},
}

@misc{CryptoCoding,
  title = {{Cryptography Coding Standard}},
  howpublished = {\url{https://cryptocoding.net/index.php/Coding_rules}}
}
